@incollection{springerlink:10.1007/978-3-540-88690-7_29,
   author = {Luo, Yiwen and Tang, Xiaoou},
   affiliation = {The Chinese University of Hong Kong Department of Information Engineering Hong Kong},
   title = {Photo and Video Quality Evaluation: Focusing on the Subject},
   booktitle = {Computer Vision â€“ ECCV 2008},
   series = {Lecture Notes in Computer Science},
   editor = {Forsyth, David and Torr, Philip and Zisserman, Andrew},
   publisher = {Springer Berlin / Heidelberg},
   isbn = {},
   pages = {386-399},
   volume = {5304},
   url = {http://dx.doi.org/10.1007/978-3-540-88690-7\_29},
   note = {10.1007/978-3-540-88690-7\_29},
   year = {2008}
}

@inproceedings{Yeh:2010:PPR:1873951.1873963,
 author = {Yeh, Che-Hua and Ho, Yuan-Chen and Barsky, Brian A. and Ouhyoung, Ming},
 title = {Personalized photograph ranking and selection system},
 booktitle = {Proceedings of the international conference on Multimedia},
 series = {MM '10},
 year = {2010},
 isbn = {978-1-60558-933-6},
 location = {Firenze, Italy},
 pages = {211--220},
 numpages = {10},
 url = {http://doi.acm.org/10.1145/1873951.1873963},
 doi = {http://doi.acm.org/10.1145/1873951.1873963},
 acmid = {1873963},
 publisher = {ACM},
 address = {New York, NY, USA},
 keywords = {aesthetic rules, color distribution, example-driven re-ranking, ordinal ranking, personalized ranking, photograph composition, photograph ranking},
} 
